@misc{ 
    coinmarketcap,
    title = {{coinmarketcap}},
    howpublished = {\href{https://coinmarketcap.com/all/views/all/}{https://coinmarketcap.com/all/views/all/}},
    note = {Accessed: 2017-02-016}
}

@misc{ 
    gox,
    title = {{Wikipedia: Mt. Gox}},
    howpublished = {\href{https://en.wikipedia.org/wiki/Mt.Gox}{https://en.wikipedia.org/wiki/Mt.Gox}},
    note = {Accessed: 2017-02-016}
}

@misc{ 
    shapeshift,
    title = {{A Timeline: ShapeShift Hacking Incident}},
    howpublished = {\href{https://info.shapeshift.io/blog/2016/04/19/timeline-shapeshift-hacking-incident}{https://info.shapeshift.io/blog/2016/04/19/timeline-shapeshift-hacking-incident}},
    note = {Accessed: 2017-02-016}
}

@misc{ 
    maker,
    title = {{Maker Market}},
    howpublished = {\href{https://mkr.market/}{https://mkr.market/}},
    note = {Accessed: 2017-02-01}
}

@misc{ 
    etheropt,
    title = {{EtherOpt}},
    howpublished = {\href{https://etheropt.github.io/}{https://etheropt.github.io/}},
    note = {Accessed: 2017-02-01}
}

@misc{ 
    augur,
    title = {{Augur}},
    howpublished = {\href{https://augur-dev.firebaseapp.com/}{https://augur-dev.firebaseapp.com/}},
    note = {Accessed: 2017-02-01}
}

@misc{ 
    idex,
    title = {{IDEX, Decentralized Capital}},
    howpublished = {\href{http://www.idex.market/}{http://www.idex.market/}},
    note = {Accessed: 2017-02-01}
}

@misc{ 
    etherdelta,
    title = {{EtherDelta}},
    howpublished = {\href{https://etherdelta.github.io/}{https://etherdelta.github.io/}},
    note = {Accessed: 2017-02-01}
}

@misc{ 
    itt,
    title = {{Intrinsically Tradable Tokens}},
    howpublished = {\href{https://www.reddit.com/r/ethereum/comments/5g0s8n/for_review_intrinsically_tradable_tokens_itts_are/}{https://www.reddit.com/r/ethereum/...}},
    note = {Accessed: 2017-02-01}
}

@misc{ 
    euler,
    title = {{Euler}},
    howpublished = {\href{https://www.reddit.com/r/ethereum/comments/54l32y/euler_the_simplest_exchange_and_currency/}{https://www.reddit.com/r/ethereum/...}},
    note = {Accessed: 2017-02-01}
}

@misc{ 
    raidex,
    title = {{RaidEX}},
    howpublished = {\href{http://www.raidex.io/}{http://www.raidex.io/}},
    note = {Accessed: 2017-02-014}
}

@misc{ 
    jcoleman,
    title = {{State Channels}},
    author = {Jeff Coleman},
    howpublished = {\href{http://www.jeffcoleman.ca/state-channels/}{http://www.jeffcoleman.ca/state-channels/}},
    note = {Accessed: 2017-02-014}
}

@misc{ 
    ledger,
    title = {{Ledger Labs: State Channels Wiki}},
    howpublished = {\href{https://github.com/ledgerlabs/state-channels/wiki}{https://github.com/ledgerlabs/state-channels/wiki}},
    note = {Accessed: 2017-02-014}
}

@misc{
    fe1, 
    author = {Fred Ehrsam}, 
    title = {{App Coins and the dawn of the Decentralized Business Model}}, 
    howpublished = {\href{https://blog.coinbase.com/app-coins-and-the-dawn-of-the-decentralized-business-model-8b8c951e734f#.p1c3mywec}{https://blog.coinbase.com}}, 
    year = 2016, 
}

@misc{
    fe2, 
    author = {Fred Ehrsam}, 
    title = {{How to Raise Money on a Blockchain with a Token}}, 
    howpublished = {\href{https://blog.gdax.com/how-to-raise-money-on-a-blockchain-with-a-token-510562c9cdfa#.311czaja1}{https://blog.gdax.com}}, 
    year = 2016, 
}

@misc{
    ww1, 
    author = {Will Warren}, 
    title = {{The difference between App Coins and Protocol Tokens}}, 
    howpublished = {\href{https://medium.com/@willwarren89/the-difference-between-app-coins-and-protocol-tokens-7281a428348c#.s98pjbf1o}{https://medium.com/@willwarren89}}, 
    year = 2017, 
}

@article{othman2013practical,
  title={A practical liquidity-sensitive automated market maker},
  author={Othman, Abraham and Pennock, David M and Reeves, Daniel M and Sandholm, Tuomas},
  journal={ACM Transactions on Economics and Computation},
  volume={1},
  number={3},
  pages={14},
  year={2013},
  publisher={ACM}
}

@article{bancor,
  title={Bancor Protocol: A Hierarchical Monetary System and the Foundation of a Global Decentralized Autonomous Exchange},
  author={Guy Benartzi, Eyal Hertzog, Galia Benartzi},
  year={2017}
}
